2408 4026
216 231 330 311 De
346 227 534 309 modo
574 231 878 329 creation.
910 239 1042 327 atq.
1068 225 1551 335 prouidentiae.
1617 241 1767 313 28⁴1

218 483 382 537 mus
440 457 616 543 effe,
702 459 1084 557 perfestio,
1168 389 1521 559 postulat-e
1569 461 1781 537 nobis
1829 498 1831 501 ·

218 575 522 647 omnino
550 575 854 649 videtur.
974 575 1232 673 Neque
1264 579 1365 653 fic
1393 583 1783 677 refragabi-

212 701 334 763 tur
396 691 892 785 prouidentiae
948 691 1238 765 diuinae
1293 699 1781 791 experientiae

216 803 748 887 testimonium3
812 807 1066 891 mod0‚
1130 831 1315 903 quae
1341 809 1657 885 summae
1677 813 1779 887 sa-

216 919 536 1017 pientiae
584 921 766 993 ratio
800 919 946 1005 est,
1038 921 1333 1015 lingulis
1401 923 1617 999 rebus
1685 929 1781 1001 ita
1897 1021 1901 1027 .

26 1106 31 1128 ,
104 1129 108 1141 .
216 1033 622 1131 prospicere
654 1037 896 1109 Deum
930 1037 1353 1131 opinemur,
1413 1051 1493 1111 vt
1537 1051 1613 1113 et
1625 1065 1783 1135 per-

206 1157 448 1245 petuae
482 1147 922 1245 fingulorum
966 1153 1371 1227 viuentium
1409 1153 1647 1237 saluti,
1711 1167 1785 1229 et

192 1263 494 1365 'vniuerfi
564 1265 820 1337 mundi
894 1265 1449 1361 perfectionibus
1509 1269 1783 1365 optime

108 1451 109 1454 ,
216 1375 500 1475 semper
536 1381 964 1455 consulatur.
1082 1379 1204 1470 Ad
1236 1383 1551 1458 calculos
1581 1405 1781 1467 vere,

220 1513 406 1587 quae
448 1495 722 1569 mundo
754 1493 1004 1581 insint,
1074 1495 1513 1591 singularum
1539 1519 1787 1573 rerum

218 1607 766 1683 multitudinem
818 1625 1288 1695 reuocantes,
1381 1613 1525 1687 iam
1573 1613 1647 1687 in
1703 1611 1789 1685 li-

218 1720 422 1793 mine
460 1721 988 1821 obstupescere,
1066 1727 1641 1825 immensamque
1679 1725 1787 1799 di-

216 1835 434 1908 uinae
468 1839 966 1933 prouidentiae
1002 1843 1186 1929 vim,
1244 1843 1447 1917 nulla
1497 1831 1785 1917 intelle-

216 1947 372 2023 stus
406 1951 622 2027 nostri
654 1955 950 2031 modulo
982 1957 1158 2033 iuste
1204 1943 1781 2083 concipiendam,

214 2039 604 2160 agnoscere
654 2056 968 2164 oportet.

832 2310 902 2420 ξ.
1038 2340 1170 2410 93.

352 2498 682 2592 Modum
714 2540 888 2594 vero
910 2530 1128 2614 atque
1156 2518 1393 2592 ration
1405 2542 1519 2594 em
1553 2510 1789 2638 proui-
1817 2524 1952 2628 iffi?
1943 2528 2043 2630 tdo
2041 2542 2149 2630 proi:

222 2626 516 2718 dentiae
534 2634 824 2710 diuinae
856 2634 1174 2732 penitius
1206 2610 1639 2732 intelligere,
1665 2652 1793 2714 aut
1819 2640 1995 2744 stjssgg,
2007 2656 2147 2702 ΨΒ*

123 2753 143 2768 ”
222 2750 538 2822 curatius
586 2748 932 2834 definire,
978 2752 1357 2848 cupientes
1399 2750 1585 2828 haec
1637 2776 1825 2832 ma-

220 2864 418 2938 xime
452 2878 846 2958 quaerunt;

404 3080 494 3186 1)
552 3074 812 3166 Vtrum
846 3096 936 3170 ad
966 3098 1331 3194 existentiae
1355 3096 1791 3196 contingentia-

223 3230 364 3280 nem
414 3226 532 3278 res
570 3216 852 3288 creatae
906 3210 1162 3290 eadem
1212 3212 1427 3306 plane
1459 3212 1569 3284 vis
1605 3210 1789 3284 diui-

222 3344 364 3422 nae
416 3318 768 3410 efficacia,
850 3313 988 3420 qua
1034 3322 1485 3404 existentiam
1537 3324 1789 3402 nanae

910 3436 966 3516 S
1032 3460 1066 3530 ς
1629 3440 1789 3520 fue-
